@article{Cover93,
    author = {Cover, Steven and Ezquerra, Norberto and O'Brien, James and Rowe, Richard and Gadacz, Thomas and Palm, 
    Ellen},
    title = {Interactively Deformable Models for Surgery Simulation},
    journal = {IEEE Comput. Graph. Appl.},
    volume = {13},
    issue = {6},
    month = {November},
    year = {1993},
    issn = {0272-1716},
    pages = {68--75},
    numpages = {8},
    acmid = {617877},
    publisher = {IEEE Computer Society Press},
}

@inproceedings{Bro96,
    author = {Bro-Nielsen, Morten},
    title = {Surgery Simulation Using fast Finite Elements},
    booktitle = {Proceedings of the 4th International Conference on Visualization in Biomedical Computing},
    year = {1996},
    isbn = {3-540-61649-7},
    pages = {529--534},
    numpages = {6},
    acmid = {718980},
    publisher = {Springer-Verlag},
    address = {London, UK},
}

@incollection {Taylor07,
    author = {Taylor, Zeike and Cheng, Mario and Ourselin, S\'{e}bastien},
    affiliation = {BioMedIA Lab, e-Health Research Centre, CSIRO ICT Centre, Level 20, 300 Adelaide St, Brisbane, QLD, 
    4000 Australia},
    title = {Real-Time Nonlinear Finite Element Analysis for Surgical Simulation Using Graphics Processing Units},
    booktitle = {Medical Image Computing and Computer-Assisted Intervention â€“ MICCAI 2007},
    series = {Lecture Notes in Computer Science},
    editor = {Ayache, Nicholas and Ourselin, S\'{e}bastien and Maeder, Anthony},
    publisher = {Springer Berlin / Heidelberg},
    pages = {701-708},
    volume = {4791},
    year = {2007}
}

@article {Horton2010,
    author = {Horton, Ashley and Wittek, Adam and Joldes, Grand Roman and Miller, Karol},
    title = {A meshless Total Lagrangian explicit dynamics algorithm for surgical simulation},
    journal = {International Journal for Numerical Methods in Biomedical Engineering},
    volume = {26},
    number = {8},
    publisher = {John Wiley & Sons, Ltd.},
    issn = {2040-7947},
    pages = {977--998},
    keywords = {meshless methods, Total Lagrangian formulation, explicit dynamics, biomechanics},
    year = {2010},
}

@incollection {Wang07,
   author = {Wang, Kai and Lavou\'{e}, Guillaume and Denis, Florence and Baskurt, Atilla},
   affiliation = {LIRIS, UMR 5205 CNRS, INSA-Lyon, F-69621 Villeurbanne France},
   title = {Three-Dimensional Meshes Watermarking: Review and Attack-Centric Investigation},
   booktitle = {Information Hiding},
   series = {Lecture Notes in Computer Science},
   publisher = {Springer Berlin / Heidelberg},
   pages = {50-64},
   volume = {4567},
   year = {2007}
}
