@misc{Knot2012,
author= {Torus Knot},
title = {Ogre. Open Source 3D Rendering Engine},
year = {2012},
howpublished={\url{http://www.ogre3d.org/}}
}

@misc{Moan2012,
author= {Jacob Moan},
title = {Documentation Architecture. OGRE- Object Oriented Rendering Engine.},
year = {2012},
howpublished={\url{http://www.ogre3d.org/tikiwiki/tiki-index.php?page=Documentation+Architecture/}}
}

@article{Cheung2005,
 author = {Cheung, Kong-Man (German) and Baker, Simon and Kanade, Takeo},
 title = {Shape-From-Silhouette Across Time Part II: Applications to Human Modeling and Markerless Motion Tracking},
 journal = {Int. J. Comput. Vision},
 issue_date = {July 2005},
 volume = {63},
 number = {3},
 month = jul,
 year = {2005},
 issn = {0920-5691},
 pages = {225--245},
 numpages = {21},
 url = {http://dx.doi.org/10.1007/s11263-005-6879-4},
 doi = {10.1007/s11263-005-6879-4},
 acmid = {1061928},
 publisher = {Kluwer Academic Publishers},
 address = {Hingham, MA, USA},
 keywords = {3D reconstruction, Shape-From-Silhouette, articulated human tracking, human kinematic modeling, markerless motion capture, stereo, temporal alignment, visual hull},
} 

@article{Kourosh2012,
AUTHOR = {Khoshelham, Kourosh and Elberink, Sander Oude},
TITLE = {Accuracy and Resolution of Kinect Depth Data for Indoor Mapping Applications},
JOURNAL = {Sensors},
VOLUME = {12},
YEAR = {2012},
NUMBER = {2},
PAGES = {1437--1454},
URL = {http://www.mdpi.com/1424-8220/12/2/1437},
ISSN = {1424-8220},
DOI = {10.3390/s120201437}
}

@misc{OpenNI2102,
author= {OpenNI},
title = {Programmer Guide-OpenNI},
year = {2012},
howpublished={\url{http://openni.org/Documentation/ProgrammerGuide.html}}
}

@article{opencv_library,
    author = {Bradski, G.},
    citeulike-article-id = {2236121},
    journal = {Dr. Dobb's Journal of Software Tools},
    keywords = {bibtex-import},
    posted-at = {2008-01-15 19:21:54},
    priority = {4},
    title = {{The OpenCV Library}},
    year = {2000}
}

@misc{PS2102,
author= {PrimeSense},
title = {NITE. PrimeSense Natural Interaction.},
year = {2012},
howpublished={\url{http://www.primesense.com/en/nite}}
}

@misc{WikiPhysx2012,
author= {Wikipedia},
title = {Wikipedia. Physx. Wikipedia-The Free Encyclopedia},
year = {2012},
howpublished={\url{http://en.wikipedia.org/wiki/PhysX}}
}

@TECHREPORT{Tang2011,
  AUTHOR =        { Tang, Matthew},
  TITLE =         {Recognizing Hand Gestures with Microsoft’s Kinect},
  NUMBER =        {MSU-CSE-00-2},
  INSTITUTION =   {Department of Computer Science, Stanford University},
  MONTH =         {January},
  YEAR  =         {2011},
  URL   =         {http://www.stanford.edu/class/ee368/Project_11/Reports/Tang_Hand_Gesture_Recognition.pdf},
  CONTACT =       {jain@cse.msu.edu}
}

@misc{Mmava2012,
author= {Mmava},
title = {Free Female Base Mesh. ZBrush Central.},
year = {2012},
howpublished={\url{http://www.zbrushcentral.com/showthread.php?49053-Free-female-base-mesh-(nudity).}}
}


@INPROCEEDINGS{Kavan2003,
 author = {Ladislav Kavan and Jiri Zara},
 title = {Real-Time Skin Deformation with Bones Blending},
 booktitle = {WSCG Short Papers Proceedings},
 year = {2003}
}

@misc{LadyJewell2012,
author= {LadyJewell},
title = { Antonia Sundress. ShareCG},
year = {2012},
howpublished={\url{http://www.sharecg.com/v/54636/gallery/5/3D-Model/Antonia-Sundress}}
}

@misc{Kim2011,
author= {Tae-Yong Kim},
title = { Character Clothing in PhysX-3},
year = {2011}
}

@article{Muller2007,
 author = {Muller, Matthias and Heidelberger, Bruno and Hennix, Marcus and Ratcliff, John},
 title = {Position based dynamics},
 journal = {J. Vis. Comun. Image Represent.},
 issue_date = {April, 2007},
 volume = {18},
 number = {2},
 month = apr,
 year = {2007},
 issn = {1047-3203},
 pages = {109--118},
 numpages = {10},
 url = {http://dx.doi.org/10.1016/j.jvcir.2007.01.005},
 doi = {10.1016/j.jvcir.2007.01.005},
 acmid = {1234575},
 publisher = {Academic Press, Inc.},
 address = {Orlando, FL, USA},
 keywords = {Cloth simulation, Game physics, Integration schemes, Physically based simulation}
}
@misc{Tonge2010,
author= { Richard Tonge-Nvidia},
title = { Collision Detection in PhysX},
year = {2010}
}


@article{Khoshelham2012,
AUTHOR = {Khoshelham, Kourosh and Elberink, Sander Oude},
TITLE = {Accuracy and Resolution of Kinect Depth Data for Indoor Mapping Applications},
JOURNAL = {Sensors},
VOLUME = {12},
YEAR = {2012},
NUMBER = {2},
PAGES = {1437--1454},
URL = {http://www.mdpi.com/1424-8220/12/2/1437},
ISSN = {1424-8220},
DOI = {10.3390/s120201437}
}

@article{Tong2012,
 author = {Tong, Jing and Zhou, Jin and Liu, Ligang and Pan, Zhigeng and Yan, Hao},
 title = {Scanning 3D Full Human Bodies Using Kinects},
 journal = {IEEE Transactions on Visualization and Computer Graphics},
 issue_date = {April 2012},
 volume = {18},
 number = {4},
 month = apr,
 year = {2012},
 issn = {1077-2626},
 pages = {643--650},
 numpages = {8},
 url = {http://dx.doi.org/10.1109/TVCG.2012.56},
 doi = {10.1109/TVCG.2012.56},
 acmid = {2197180},
 publisher = {IEEE Educational Activities Department},
 address = {Piscataway, NJ, USA},
 keywords = {3D Body Scanning, global non-igid registration, Microsoft Kinect},
} 

@misc{Willis2012,
author= { Willis B},
title = { Body Proportions in Art},
year = {2012},
howpublished={\url{http://www.worsleyschool.net/socialarts/body/proportions.html}}
}




